
@Book{learning-android,
title = {Learning Android\\Building Applications for the Android Market},
author = "Marko Gargenta",
year = "2011",
publisher = "O'Reilly Media"
}

@Misc{noeliarcado,
title = "Noeliarcado. Gastroblog.",
url = "http://noeliarcado.es/"
}
