
@Misc{android,
title = {Android Operating System},
howpublished = {\url{http://www.android.com/}}
}

@Misc{android-studio,
title = {Android Studio IDE},
howpublished = {\url{http://developer.android.com/sdk/installing/studio.html}}
}

@Misc{api-python,
title = {API creation en Full Stack Python},
url = "https://www.fullstackpython.com/api-creation.html"
}

@Misc{convenio,
title = {Boletín oficial del Estado núm 82 del 4 de abril de 2009},
url = "https://www.boe.es/boe/dias/2009/04/04/pdfs/BOE-A-2009-5688.pdf"
}

@Misc{django:mvc,
title = {Django Frequently Asked Questions},
url = "https://docs.djangoproject.com/en/dev/faq/general/"
}

@Misc{mejores-apps-cocina,
title = {Mejores apps de cocina},
url = "http://www.androidpit.es/mejores-aplicaciones-de-cocina"
}

@misc{pep8,
  title="PEP 8 - Style Guide for Python Code",
  url="http://legacy.python.org/dev/peps/pep-0008/"
}